%% This BibTeX bibliography file in UTF-8 format was created using Papers.
%% http://mekentosj.com/papers/

@article{Imbens:2008p563,
author = {G Imbens and R Spady}, 
journal = {dimension},
title = {THE PERFORMANCE OF EMPIRICAL LIKELIHOOD AND ITS GENERALIZATIONS},
date-added = {2008-03-15 15:32:27 -0400},
date-modified = {2008-03-15 15:32:38 -0400},
pmid = {9343098451495786871related:d5noLopaqYEJ},
URL = {http://elsa.berkeley.edu/pub/symposia/nsf01/spady_p.pdf},
local-url = {file://localhost/Users/johnzed/Documents/Papers/Imbens/dimension%20%20Imbens.pdf},
uri = {papers://A46919D9-2A0E-4555-9B48-035E08BD2DC2/Paper/p563},
rating = {0},
}

@article{Bekker:1994p565,
author = {P Bekker}, 
journal = {Econometrica},
title = {Alternative Approximations to the Distributions of Instrumental Variable Estimators},
abstract = {662 PAUL A. BErd~R these statistics only if K= G. Since in that case g is singular, AMMK = 0. However, if the degree of overidentification is positive, KG > 0, these statistics are positive, with probability 1, and for an },
year = {1994},
month = {Jan},
date-added = {2008-03-15 16:03:39 -0400},
date-modified = {2008-03-15 16:03:49 -0400},
pmid = {2307596939772028311related:l-XjxzA7BiAJ},
URL = {http://links.jstor.org/sici?sici=0012-9682(199405)62%253A3%253C657%253AAATTDO%253E2.0.CO%253B2-E},
local-url = {file://localhost/Users/johnzed/Documents/Papers/Bekker/Econometrica%201994%20Bekker.pdf},
uri = {papers://A46919D9-2A0E-4555-9B48-035E08BD2DC2/Paper/p565},
rating = {0},
}

@article{Staiger:1997p564,
author = {D Staiger and J Stock}, 
journal = {Econometrica},
title = {Instrumental Variables Regression with Weak Instruments},
abstract = {INSTRUMENTAL VARIABLES REGRESSION 561 martingale difference sequences. These conditions arguably apply to linear rational expectations models such as the consumption Euler equation estimated using TSLS by Campbell and Mankiw },
year = {1997},
month = {Jan},
date-added = {2008-03-15 15:51:02 -0400},
date-modified = {2008-03-15 15:51:15 -0400},
pmid = {17247350594215823146related:KkfbLPzlWu8J},
URL = {http://links.jstor.org/sici?sici=0012-9682(199705)65:3%253C557:IVRWWI%253E2.0.CO;2-Z},
local-url = {file://localhost/Users/johnzed/Documents/Papers/Staiger/Econometrica%201997%20Staiger.pdf},
uri = {papers://A46919D9-2A0E-4555-9B48-035E08BD2DC2/Paper/p564},
read = {Yes},
rating = {0},
}

@article{Newey:2004p495,
author = {W Newey and R Smith}, 
journal = {Econometrica},
title = {Higher Order Properties of GMM and Generalized Empirical Likelihood Estimators},
abstract = { 1 (January, 2004), 219--255 HIGHER ORDER PROPERTIES OF GMM AND GENERALIZED  ESTIMATORS B Y W HITNEY K. N EWEY AND R ICHARD J. S MITH 1 },
year = {2004},
month = {Jan},
date-added = {2008-02-23 20:14:20 -0500},
date-modified = {2008-02-23 20:14:20 -0500},
pmid = {1155372120969443163related:W_fFldK0CBAJ},
URL = {http://www.blackwell-synergy.com/doi/abs/10.1111/j.1468-0262.2004.00482.x},
local-url = {file://localhost/Users/johnzed/Documents/Papers/Newey/Econometrica%202004%20Newey.pdf},
uri = {papers://A46919D9-2A0E-4555-9B48-035E08BD2DC2/Paper/p495},
read = {Yes},
rating = {0},
}

@article{Mittelhammer:2003p508,
author = {R Mittelhammer}, 
journal = {emlab.berkeley.edu},
title = {Empirical Evidence Concerning the Finite Sample Performance of EL-type Structural Equation {\ldots}},
year = {2003},
month = {Jan},
date-added = {2008-02-24 19:26:18 -0500},
date-modified = {2008-02-24 19:27:05 -0500},
pmid = {9938324375094079068related:XK4WGF0F7IkJ},
URL = {http://emlab.berkeley.edu/symposia/nsf01/judge_p.pdf},
local-url = {file://localhost/Users/johnzed/Documents/Papers/Mittelhammer/emlab.berkeley.edu%202003%20Mittelhammer.pdf},
uri = {papers://A46919D9-2A0E-4555-9B48-035E08BD2DC2/Paper/p508},
read = {Yes},
rating = {0},
}

@article{Hansen:1996p555,
author = {L Hansen and J Heaton and A Yaron}, 
journal = {Journal of Business {\&} Economic Statistics},
title = {Finite-Sample Properties of Some Alternative GMM Estimators},
abstract = {Finite-Sample Properties of Some Alternative GMM Estimators. Lars Peter Hansen. John Heaton. Amir Yaron. Journal of Business {\&} Economic Statistics, Vol. 14, No. 3, 262-280. Jul., 1996. Finite-Sample },
year = {1996},
month = {Jan},
date-added = {2008-03-11 14:47:57 -0400},
date-modified = {2008-03-11 14:48:50 -0400},
pmid = {2243820193305209212related:fCnO2ZOmIx8J},
URL = {http://links.jstor.org/sici?sici=0735-0015(199607)14%253A3%253C262%253AFPOSAG%253E2.0.CO%253B2-P},
local-url = {file://localhost/Users/johnzed/Documents/Papers/Hansen/Journal%20of%20Business%20&%20Economic%20Statistics%201996%20Hansen.pdf},
uri = {papers://A46919D9-2A0E-4555-9B48-035E08BD2DC2/Paper/p555},
rating = {0},
}

@article{Imbens:2002p381,
author = {G Imbens}, 
journal = {Journal of Business {\&} Economic Statistics},
title = {Generalized Method of Moments and Empirical Likelihood},
abstract = {Generalized method of moments (GMM) estimation has become an important unifying framework for inference in econometrics in the last 20 years. It can be thought of as encompassing almost all of the common estimation methods, such as },
year = {2002},
month = {Jan},
date-added = {2008-02-21 17:47:41 -0500},
date-modified = {2008-02-21 17:48:07 -0500},
pmid = {12908263290026022061related:rVQ3RRJdI7MJ},
URL = {http://www.ingentaconnect.com/content/asa/jbes/2002/00000020/00000004/art00008},
local-url = {file://localhost/Users/johnzed/Documents/Papers/Imbens/Journal%20of%20Business%20%20Economic%20Statistics%202002%20Imbens.pdf},
uri = {papers://A46919D9-2A0E-4555-9B48-035E08BD2DC2/Paper/p381},
read = {Yes},
rating = {0},
}

@article{Guggenberger:2005p558,
author = {P Guggenberger and R Smith}, 
journal = {Econometric Theory},
title = {GENERALIZED EMPIRICAL LIKELIHOOD ESTIMATORS AND TESTS UNDER PARTIAL, WEAK, AND STRONG IDENTIFICATION},
abstract = {The purpose of this paper is to describe the performance of generalized empirical likelihoodGEL! methods for time series instrumental variable models specified by nonlinear moment restrictions as in Stock and Wright2000, },
year = {2005},
month = {Jan},
date-added = {2008-03-11 18:46:04 -0400},
date-modified = {2008-03-11 18:46:33 -0400},
pmid = {14975665565266264028related:3L--tHxA1M8J},
URL = {http://journals.cambridge.org/abstract_S0266466605050371},
local-url = {file://localhost/Users/johnzed/Documents/Papers/Guggenberger/Econometric%20Theory%202005%20Guggenberger-1.pdf},
uri = {papers://A46919D9-2A0E-4555-9B48-035E08BD2DC2/Paper/p558},
rating = {0},
}

@article{Imbens:1998p513,
author = {G Imbens and R Spady and P Johnson}, 
journal = {Econometrica},
title = {Information Theoretic Approaches to Inference in Moment Condition Models},
abstract = {Guido W. Imbens. Richard H. Spady. Phillip . Econometrica, Vol. 66, No. 2, 333-357. Mar., 1998.  333. 334 GW IMBENS, RH SPADY, AND P.  restrictions. },
year = {1998},
month = {Jan},
date-added = {2008-02-25 19:16:42 -0500},
date-modified = {2008-02-25 19:16:42 -0500},
pmid = {15442389668920448140related:jFQqK5ZjTtYJ},
URL = {http://links.jstor.org/sici?sici=0012-9682(199803)66%253A2%253C333%253AITATII%253E2.0.CO%253B2-M},
local-url = {file://localhost/Users/johnzed/Documents/Papers/Imbens/Econometrica%201998%20Imbens.pdf},
uri = {papers://A46919D9-2A0E-4555-9B48-035E08BD2DC2/Paper/p513},
read = {Yes},
rating = {0},
}

@article{Angrist:2001p515,
author = {J Angrist and A Krueger}, 
journal = {The Journal of Economic Perspectives},
title = {Instrumental Variables and the Search for Identification: From Supply and Demand to Natural {\ldots}},
abstract = {Journal of Economic Perspectives-Volume 15, Number 4-Fall 2001-Pages 69-85 Instrumental Variables and the Search for Identification: From Supply and Demand to Natural Experiments Joshua D. Angrist and Alan B. Krueger The method of },
year = {2001},
month = {Jan},
date-added = {2008-02-25 21:31:47 -0500},
date-modified = {2008-02-25 21:32:02 -0500},
pmid = {18003222034051314540related:bDMdCA5L2PkJ},
URL = {http://links.jstor.org/sici?sici=0895-3309(200123)15:4%253C69:IVATSF%253E2.0.CO;2-3},
local-url = {file://localhost/Users/johnzed/Documents/Papers/Angrist/The%20Journal%20of%20Economic%20Perspectives%202001%20Angrist.pdf},
uri = {papers://A46919D9-2A0E-4555-9B48-035E08BD2DC2/Paper/p515},
read = {Yes},
rating = {0},
}

@article{Andrews:2005p762,
author = {D Andrews and J Stock}, 
journal = {cowles.econ.yale.edu},
title = {Inference with Weak Instruments},
year = {2005},
month = {Jan},
date-added = {2008-03-16 13:12:19 -0400},
date-modified = {2008-03-16 13:12:36 -0400},
pmid = {3979203282194972347related:u75MbE34ODcJ},
URL = {http://cowles.econ.yale.edu/P/cd/d15a/d1530.pdf},
local-url = {file://localhost/Users/johnzed/Documents/Papers/Andrews/cowles.econ.yale.edu%202005%20Andrews.pdf},
uri = {papers://A46919D9-2A0E-4555-9B48-035E08BD2DC2/Paper/p762},
read = {Yes},
rating = {0},
}

@article{Mullahy:1997p1042,
author = {J Mullahy}, 
journal = {The Review of Economics and Statistics},
title = {Instrumental-Variable Estimation of Count Data Models: Applications to Models of Cigarette Smoking {\ldots}},
abstract = {Abstract---As with most analyses involving microdata, applications of count data models must somehow account for unobserved heterogeneity. The count model literature has generally assumed that unobservables and observed covariates },
year = {1997},
month = {Jan},
date-added = {2008-03-24 15:57:46 -0400},
date-modified = {2008-03-24 15:57:58 -0400},
pmid = {7933932564215022582related:9sPwoaH9Gm4J},
URL = {http://www.mitpressjournals.org/doi/pdf/10.1162/003465397557169},
local-url = {file://localhost/Users/johnzed/Documents/Papers/Mullahy/The%20Review%20of%20Economics%20and%20Statistics%201997%20Mullahy.pdf},
uri = {papers://A46919D9-2A0E-4555-9B48-035E08BD2DC2/Paper/p1042},
rating = {0},
}

@article{Wachter:2006p382,
author = {A W{\"a}chter and L Biegler}, 
journal = {Mathematical Programming},
title = {On the implementation of an interior-point filter line-search algorithm for large-scale nonlinear {\ldots}},
abstract = {Abstract. We present a primal-dual interior-point algorithm with a filter line-search method for nonlinear programming. Local and global convergence properties of this method were analyzed in previous work. Here we provide a },
year = {2006},
month = {Jan},
date-added = {2008-02-22 12:41:10 -0500},
date-modified = {2008-02-22 12:41:36 -0500},
pmid = {2392116280935023261related:nYKPYhWBMiEJ},
URL = {http://www.springerlink.com/index/R31116MP70171220.pdf},
local-url = {file://localhost/Users/johnzed/Documents/Papers/W%C3%A4chter/Mathematical%20Programming%202006%20W%C3%A4chter.pdf},
uri = {papers://A46919D9-2A0E-4555-9B48-035E08BD2DC2/Paper/p382},
read = {Yes},
rating = {0},
}

@article{Owen:2001p759,
author = {Art B Owen}, 
journal = {Chapman {\&} Hall/CRC},
title = {Empirical Likelihood},
year = {2001},
date-modified = {2008-03-15 21:18:38 -0400},
uri = {papers://A46919D9-2A0E-4555-9B48-035E08BD2DC2/Paper/p759},
rating = {0},
}

@article{Kitamura:2004p504,
author = {Y Kitamura and G Tripathi and H Ahn}, 
journal = {Econometrica},
title = {Empirical Likelihood-Based Inference in Conditional Moment Restriction Models},
abstract = {This paper proposes an asymptotically efficient method for estimating models with conditional moment restrictions. Our estimator generalizes the maximum empirical likelihood estimator (MELE) of Qin and Lawless (1994). Using a },
year = {2004},
month = {Jan},
date-added = {2008-02-23 20:46:17 -0500},
date-modified = {2008-02-23 20:46:47 -0500},
pmid = {17069648854615924498related:Eh8JxDGT4-wJ},
URL = {http://www.blackwell-synergy.com/doi/abs/10.1111/j.1468-0262.2004.00550.x},
local-url = {file://localhost/Users/johnzed/Documents/Papers/Kitamura/Econometrica%202004%20Kitamura.pdf},
uri = {papers://A46919D9-2A0E-4555-9B48-035E08BD2DC2/Paper/p504},
read = {Yes},
rating = {0},
}

